<?xml version="1.0" encoding="UTF-8"?><collection xmlns="http://www.loc.gov/MARC21/slim"><record><leader>00412nam--2200157-i-4500</leader><controlfield tag="001">000002682</controlfield><controlfield tag="002">20161230</controlfield><controlfield tag="005">20170113233933</controlfield><controlfield tag="008">060222s1000------------r-----000-0-eng-d</controlfield><datafield ind1=" " ind2=" " tag="100"><subfield code="a">Bhatnager, S. S</subfield></datafield><datafield ind1=" " ind2=" " tag="245"><subfield code="a">Physical principles and applications of magnet ochemistry</subfield></datafield><datafield ind1=" " ind2=" " tag="260"><subfield code="a">London</subfield><subfield code="b">Macmillan</subfield><subfield code="c">1935</subfield></datafield><datafield ind1=" " ind2=" " tag="300"><subfield code="a">XIV + 375 p</subfield></datafield><datafield ind1=" " ind2=" " tag="700"><subfield code="a">Mathur, K. N</subfield></datafield><datafield ind1=" " ind2=" " tag="852"><subfield code="a">10114</subfield></datafield><datafield ind1=" " ind2=" " tag="CAT"><subfield code="a">SYS</subfield><subfield code="c">20170113</subfield><subfield code="h">233933</subfield></datafield></record></collection>